<?xml version="1.0" encoding="UTF-8"?><collection xmlns="http://www.loc.gov/MARC21/slim"><record><leader>00505nam--2200193-i-4500</leader><controlfield tag="001">000027947</controlfield><controlfield tag="002">20161230</controlfield><controlfield tag="005">20161230201037</controlfield><controlfield tag="008">060222s1000------------r-----000-0-ger-d</controlfield><datafield ind1=" " ind2=" " tag="040"><subfield code="a">IFIN-HH</subfield></datafield><datafield ind1=" " ind2=" " tag="041"><subfield code="a">ger</subfield></datafield><datafield ind1=" " ind2=" " tag="080"><subfield code="a">539</subfield></datafield><datafield ind1="1" ind2=" " tag="100"><subfield code="a">Hertz, G</subfield></datafield><datafield ind1="1" ind2="0" tag="245"><subfield code="a">Lehrbuch der kernphysik</subfield><subfield code="c">G. hertz</subfield></datafield><datafield ind1=" " ind2=" " tag="260"><subfield code="a">Leipzig</subfield><subfield code="b">B.G.Teubner Verlagsgesellschaft</subfield><subfield code="c">1958-1962</subfield></datafield><datafield ind1=" " ind2=" " tag="300"><subfield code="a">3 VOLUME</subfield></datafield><datafield ind1="1" ind2=" " tag="787"><subfield code="a">Band Iii</subfield><subfield code="d">1962</subfield><subfield code="h">319p</subfield><subfield code="t">Angewandte Kernphysik</subfield></datafield><datafield ind1=" " ind2=" " tag="852"><subfield code="a">4968</subfield><subfield code="c">539</subfield></datafield><datafield ind1=" " ind2=" " tag="CAT"><subfield code="a">Sys</subfield><subfield code="c">20110921</subfield><subfield code="h">114046</subfield></datafield></record></collection>